<record><leader>00000cas a22000007a 4500</leader><controlfield tag="001">15228723</controlfield><controlfield tag="008">870223d18751875mouwr ne      0    0eng d</controlfield><datafield ind1=" " ind2=" " tag="010"><subfield code="a">sn 87052216 </subfield></datafield><datafield ind1=" " ind2=" " tag="040"><subfield code="a">NPX</subfield><subfield code="b">eng</subfield><subfield code="c">NPX</subfield><subfield code="d">MQN</subfield><subfield code="d">NVF</subfield><subfield code="d">OCLCQ</subfield><subfield code="d">DLC</subfield></datafield><datafield ind1=" " ind2=" " tag="042"><subfield code="a">msc</subfield></datafield><datafield ind1="0" ind2=" " tag="130"><subfield code="a">Weekly globe-Democrat (Saint Louis, Mo. : 1875)</subfield></datafield><datafield ind1="1" ind2="0" tag="245"><subfield code="a">Weekly globe-Democrat.</subfield></datafield><datafield ind1="1" ind2="3" tag="246"><subfield code="a">Globe-Democrat</subfield></datafield><datafield ind1=" " ind2=" " tag="260"><subfield code="a">St. Louis [Mo. :</subfield><subfield code="b">s.n.],</subfield><subfield code="c">1875.</subfield></datafield><datafield ind1=" " ind2=" " tag="300"><subfield code="a">v.</subfield></datafield><datafield ind1=" " ind2=" " tag="310"><subfield code="a">Weekly</subfield></datafield><datafield ind1="0" ind2=" " tag="362"><subfield code="a">New ser., vol. 1, no. 1 (May 28, 1875)-new ser., v. 1, no. 2 (June 4, 1875).</subfield></datafield><datafield ind1=" " ind2=" " tag="752"><subfield code="a">United States</subfield><subfield code="b">Missouri</subfield><subfield code="d">Saint Louis.</subfield></datafield><datafield ind1="0" ind2=" " tag="775"><subfield code="t">St. Louis globe-Democrat (Saint Louis, Mo. : 1875)</subfield><subfield code="x">2574-6642</subfield><subfield code="w">(DLC)sn 83045405</subfield><subfield code="w">(OCoLC)9459059</subfield></datafield><datafield ind1="0" ind2=" " tag="775"><subfield code="t">St. Louis globe-Democrat (Saint Louis, Mo. : Semiweekly)</subfield><subfield code="w">(DLC)sn 87052207</subfield></datafield><datafield ind1="0" ind2="4" tag="780"><subfield code="t">St. Louis weekly globe</subfield><subfield code="w">(DLC)sn 86063704</subfield></datafield><datafield ind1="0" ind2="4" tag="780"><subfield code="t">St. Louis Democrat (Saint Louis, Mo. : 1875)</subfield><subfield code="w">(DLC)sn 87052215</subfield></datafield><datafield ind1="0" ind2="0" tag="785"><subfield code="t">St. Louis globe-Democrat (Saint Louis, Mo. : Weekly)</subfield><subfield code="w">(DLC)sn 87052206</subfield></datafield></record>